<?xml version="1.0" encoding="UTF-8"?><collection xmlns="http://www.loc.gov/MARC21/slim"><record><leader>00483nam--2200181-i-4500</leader><controlfield tag="001">000019195</controlfield><controlfield tag="002">20161230</controlfield><controlfield tag="005">20161230201033</controlfield><controlfield tag="008">060222s1000------------r-----000-0-eng-d</controlfield><datafield ind1=" " ind2=" " tag="040"><subfield code="a">IFIN-HH</subfield></datafield><datafield ind1=" " ind2=" " tag="080"><subfield code="a">54-386:547</subfield></datafield><datafield ind1="1" ind2=" " tag="100"><subfield code="a">Foster, R</subfield></datafield><datafield ind1="1" ind2="0" tag="245"><subfield code="a">Organic charge-transfer complexes</subfield><subfield code="c">R. foster</subfield></datafield><datafield ind1=" " ind2=" " tag="260"><subfield code="a">London</subfield><subfield code="b">Academic Press</subfield><subfield code="c">1969</subfield></datafield><datafield ind1=" " ind2=" " tag="300"><subfield code="a">XII + 470 P</subfield></datafield><datafield ind1=" " ind2=" " tag="490"><subfield code="a">Organic Chemistry. A Series Of Monographs</subfield></datafield><datafield ind1=" " ind2=" " tag="852"><subfield code="a">21865</subfield><subfield code="c">547</subfield></datafield><datafield ind1=" " ind2=" " tag="CAT"><subfield code="a">Sys</subfield><subfield code="c">20101014</subfield><subfield code="h">114509</subfield></datafield></record></collection>